<?xml version="1.0" encoding="UTF-8"?><record xmlns="http://www.loc.gov/MARC21/slim" xmlns:cinclude="http://apache.org/cocoon/include/1.0" xmlns:zs="http://www.loc.gov/zing/srw/">
  <leader>00421nz  a2200145n  4500</leader>
  <controlfield tag="001">no2002068890</controlfield>
  <controlfield tag="003">DLC</controlfield>
  <controlfield tag="005">20020802053218.0</controlfield>
  <controlfield tag="008">020801n| acannaab           |a aaa     c</controlfield>
  <datafield tag="010" ind1=" " ind2=" ">
    <subfield code="a">no2002068890</subfield>
  </datafield>
  <datafield tag="035" ind1=" " ind2=" ">
    <subfield code="a">(OCoLC)oca05826479</subfield>
  </datafield>
  <datafield tag="040" ind1=" " ind2=" ">
    <subfield code="a">NjP</subfield>
    <subfield code="b">eng</subfield>
    <subfield code="c">NjP</subfield>
  </datafield>
  <datafield tag="100" ind1="1" ind2=" ">
    <subfield code="a">Mendoza Saﾌ］chez, Homero</subfield>
  </datafield>
  <datafield tag="400" ind1="1" ind2=" ">
    <subfield code="a">Saﾌ］chez, Homero Mendoza</subfield>
  </datafield>
  <datafield tag="670" ind1=" " ind2=" ">
    <subfield code="a">Fecundidad municipal en Meﾌ』ico, 2000:</subfield>
    <subfield code="b">. 1, t.p. (Homero Mendoza Saﾌ］chez)</subfield>
  </datafield>
</record>